@incollection{Ortiz2018,
  doi = {10.5772/intechopen.72458},
  url = {https://doi.org/10.5772/intechopen.72458},
  year = {2018},
  month = feb,
  publisher = {{InTech}},
  author = {Andr{\'{e}}s Macho Ortiz and Roberto Llorente S{\'{a}}ez},
  title = {Multi-Core Optical Fibers: Theory,  Applications and Opportunities},
  booktitle = {Selected Topics on Optical Fiber Technologies and Applications}
}


@article{parker2021,
  title = {Standing-Wave Solutions in Twisted Multicore Fibers},
  author = {Parker, Ross and Aceves, Alejandro},
  year = {2021},
  month = may,
  journal = {Physical Review A},
  volume = {103},
  number = {5},
  pages = {053505},
  issn = {2469-9926, 2469-9934},
  doi = {10.1103/PhysRevA.103.053505},
  langid = {english},
  file = {/Users/ross/Zotero/storage/T3WJNSFZ/Parker and Aceves - 2021 - Standing-wave solutions in twisted multicore fiber.pdf}
}

@article{Garanovich2012,
title = {Light propagation and localization in modulated photonic lattices and waveguides},
author  = {Ivan L. Garanovich and Stefano Longhi and Andrey A. Sukhorukov and Yuri S. Kivshar},
publisher = {Elsevier Science},
journal = {Physics Reports},
volume = {518},
number = {1},
pages = {1-79},
year = {2012}
}

@TECHREPORT{AUTO,
    author = {Eusebius J. Doedel and Thomas F. Fairgrieve and Björn Sandstede and Alan R. Champneys and Yuri A. Kuznetsov and Xianjun Wang},
    title = {{AUTO-07P}: Continuation and bifurcation software for ordinary differential equations},
    year = {2007}
}

@article{Loss1992,
  title = {Suppression of tunneling by interference in half-integer-spin particles},
  author = {Loss, Daniel and DiVincenzo, David P. and Grinstein, G.},
  journal = {Phys. Rev. Lett.},
  volume = {69},
  issue = {22},
  pages = {3232--3235},
  numpages = {0},
  year = {1992},
  month = {Nov},
  publisher = {American Physical Society}
}

@article {Parto2019,
  author = {Parto, Midya and Lopez-Aviles, Helena and Antonio-Lopez, Jose E. and Khajavikhan, Mercedeh and Amezcua-Correa, Rodrigo and Christodoulides, Demetrios N.},
  title = {Observation of twist-induced geometric phases and inhibition of optical tunneling via {Aharonov-Bohm} effects},
  volume = {5},
  number = {1},
  year = {2019},
  publisher = {American Association for the Advancement of Science},
  journal = {Science Advances},
  elocation-id = {eaau8135}
}

@article{Longhi2007,
title = {Light transfer control and diffraction management in circular fibre waveguide arrays},
author  = {Longhi, Stefano},
publisher = {Institute of Physics},
journal = {J. Phys. B},
issnp = {0953-4075},
issne = {1361-6455},
year  = {2007},
month = {12},
day = {14},
volume  = {40},
issue = {23},
page  = {4477--4492}
}

@article{Longhi2007b,
  title = {{B}loch dynamics of light waves in helical optical waveguide arrays},
  author  = {Longhi, Stefano},
  publisher = {The American Physical Society},
  journal = {Phys. Rev. B},
  issnp = {1098-0121},
  issne = {1550-235X},
  year  = {2007},
  month = {11},
  day = {20},
  volume  = {76},
  issue = {19},
  page  = {195119}
}

@inproceedings{Gannot2014,
author = {P. S. Westbrook and K. S. Feder and T. Kremp and T. F. Taunay and E. Monberg and J. Kelliher and R. Ortiz and K. Bradley and K. S. Abedin and D. Au and G. Puc},
title = {{Integrated optical fiber shape sensor modules based on twisted multicore fiber grating arrays}},
volume = {8938},
booktitle = {Optical Fibers and Sensors for Medical Diagnostics and Treatment Applications XIV},
editor = {Israel Gannot},
organization = {International Society for Optics and Photonics},
publisher = {SPIE},
pages = {88--94},
year = {2014}
}

@article{Longhi2005,
  title = {Self-imaging and modulational instability in an array of periodically curved waveguides},
  author  = {Longhi, Stefano},
  publisher = {Optical Society of America},
  journal = {Opt. Lett.},
  issnp = {0146-9592},
  issne = {1539-4794},
  year  = {2005},
  volume  = {30},
  issue = {16},
  pages = {2137--2139}
}

@article{Longhi2016,
  author = {Stefano Longhi},
  journal = {Opt. Lett.},
  number = {9},
  pages = {1897--1900},
  publisher = {OSA},
  title = {{PT} phase control in circular multi-core fibers},
  volume = {41},
  month = {May},
  year = {2016}
}

@article{Ablowitz2014,
  title = {Linear and nonlinear traveling edge waves in optical honeycomb lattices},
  author = {Ablowitz, Mark J. and Curtis, Christopher W. and Ma, Yi-Ping},
  journal = {Phys. Rev. A},
  volume = {90},
  issue = {2},
  pages = {023813},
  numpages = {9},
  year = {2014},
  month = {Aug},
  publisher = {American Physical Society}
}

@misc{marzuola2019bulk,
      title={Bulk soliton dynamics in bosonic topological insulators}, 
      author={Jeremy L. Marzuola and Mikael Rechtsman and Braxton Osting and Miguel Bandres},
      year={2019},
      eprint={1904.10312},
      archivePrefix={arXiv}
}

@article{Westbrook2017,
  author = {Westbrook, Paul and Feder, K.S. and Kremp, Tristan and Ko, W. and Wu, Hongchao and Monberg, E. and Simoff, Debra and Bradley, K.},
  year = {2017},
  month = {03},
  pages = {26-32},
  title = {Distributed sensing over meter lengths using twisted multicore optical fiber with continuous {B}ragg gratings},
  journal = {Furukawa Review}
}

@article{Christodoulides2003,
title = {Discretizing light behaviour in linear and nonlinear waveguide lattices},
author  = {Christodoulides, Demetrios N.; Lederer, Falk; Silberberg, Yaron},
publisher = {Nature Publishing Group},
journal = {Nature},
issnp = {0028-0836},
issne = {1476-4679},
year  = {2003},
volume  = {424},
issue = {6950},
page  = {817--823}
}

@article{Parker2020,
  title = {Existence and spectral stability of multi-pulses in discrete {Hamiltonian} lattice systems},
  volume = {408},
  issn = {01672789},
  language = {en},
  urldate = {2020-05-13},
  journal = {Physica D},
  author = {Parker, Ross and Kevrekidis, P.G. and Sandstede, Björn},
  month = jul,
  year = {2020},
  pages = {132414}
}

@article{Lumer2013,
  title = {Self-Localized States in Photonic Topological Insulators},
  author = {Lumer, Yaakov and Plotnik, Yonatan and Rechtsman, Mikael C. and Segev, Mordechai},
  journal = {Phys. Rev. Lett.},
  volume = {111},
  issue = {24},
  pages = {243905},
  numpages = {5},
  year = {2013},
  month = {Dec},
  publisher = {American Physical Society}
}

@Book{Kapitula2013,
  title     = {Spectral and Dynamical Stability of Nonlinear Waves},
  publisher = {Springer New York},
  year      = {2013},
  author    = {Todd Kapitula and Keith Promislow},
  date      = {2013-06-06},
  ean       = {9781461469957}
}

@article{Parto2017,
  title = {Topological Aharonov-Bohm suppression of optical tunneling in twisted nonlinear multicore fibers},
  author = {Parto, Midya and Lopez-Aviles, Helena and Khajavikhan, Mercedeh and Amezcua-Correa, Rodrigo and Christodoulides, Demetrios N.},
  journal = {Phys. Rev. A},
  volume = {96},
  issue = {4},
  pages = {043816},
  numpages = {5},
  year = {2017},
  month = {Oct},
  publisher = {American Physical Society}
}

@article{Ornigotti2007,
title = {Topological suppression of optical tunneling in a twisted annular fiber},
author  = {Ornigotti, M. and Valle, G. Della and Gatti, D. and Longhi, S.},
publisher = {The American Physical Society},
journal = {Phys. Rev. A},
issnp = {1050-2947},
issne = {1094-1622},
year  = {2007},
month = {8},
day = {31},
volume  = {76},
issue = {2},
page  = {023833}
}

@Book{Kevrekidis2009,
  title     = {The Discrete Nonlinear {Schr\"{o}dinger} Equation},
  publisher = {Springer Berlin Heidelberg},
  year      = {2009},
  author    = {Panayotis G. Kevrekidis}
}

@article{Peierls1933,
  year = {1933},
  month = Nov,
  publisher = {Springer Science and Business Media {LLC}},
  volume = {80},
  number = {11-12},
  pages = {763--791},
  author = {R. Peierls},
  title = {Zur {T}heorie des {D}iamagnetismus von {L}eitungselektronen},
  journal = {Zeitschrift f{\"u}r Physik}
}


@article{castro2016,
title = {Light dynamics in nonlinear trimers and twisted multicore fibers},
author  = {Castro-Castro, Claudia and Shen, Yannan and Srinivasan, Gowri and Aceves, Alejandro B. and Kevrekidis, Panayotis G.},
publisher = {World Scientific Publishing Company},
journal = {Journal of Nonlinear Optical Physics and Materials},
issnp = {0218-8635},
issne = {1793-6624},
year  = {2016},
month = {12},
volume  = {25},
issue = {4},
page  = {1650042}
}

@article {Russell,
  author = {Beravat, Ramin and Wong, Gordon K. L. and Frosz, Michael H. and Xi, Xiao Ming and Russell, Philip St.J.},
  title = {Twist-induced guidance in coreless photonic crystal fiber: A helical channel for light},
  volume = {2},
  number = {11},
  elocation-id = {e1601421},
  year = {2016},
  publisher = {American Association for the Advancement of Science},
  journal = {Science Advances}
}
